<?xml version="1.0" encoding="UTF-8"?><record xmlns="http://www.loc.gov/MARC21/slim" xmlns:cinclude="http://apache.org/cocoon/include/1.0" xmlns:zs="http://www.loc.gov/zing/srw/">
  <leader>00410cz  a2200133n  4500</leader>
  <controlfield tag="001">n  91012941 </controlfield>
  <controlfield tag="003">DLC</controlfield>
  <controlfield tag="005">19910208141102.6</controlfield>
  <controlfield tag="008">910207n| acannaab|          |n aaa |||  </controlfield>
  <datafield tag="010" ind1=" " ind2=" ">
    <subfield code="a">n  91012941 </subfield>
  </datafield>
  <datafield tag="040" ind1=" " ind2=" ">
    <subfield code="a">DLC</subfield>
    <subfield code="c">DLC</subfield>
    <subfield code="d">DLC</subfield>
  </datafield>
  <datafield tag="100" ind1="1" ind2="0">
    <subfield code="a">Turbide, François,</subfield>
    <subfield code="d">1952-</subfield>
  </datafield>
  <datafield tag="670" ind1=" " ind2=" ">
    <subfield code="a">Martinet, A. La pointe de Grande-Entrée, 1987:</subfield>
    <subfield code="b">t.p. verso (François Turbide)</subfield>
  </datafield>
  <datafield tag="670" ind1=" " ind2=" ">
    <subfield code="a">NLC 09-19-90</subfield>
    <subfield code="b">(Turbide, François, 1952- )</subfield>
  </datafield>
</record>